@book{book,
    author = {Shumway, Robert and Stoffer, David},
    year = {2011},
    month = {01},
    pages = {},
    title = {Time Series Analysis and Its Applications With R Examples},
    volume = {9},
    journal = {Time Series Analysis and its Applications: With R Examples},
    doi = {10.1007/978-1-4419-7865-3}
}
@misc{tds,
  title = {Time series Forecasting â€” ARIMA models - Toward Data Science},
  howpublished = {\url{https://towardsdatascience.com/time-series-forecasting-arima-models-7f221e9eee06}},
  note = {Accessed: 2019-09-27}
}

@misc{wiki,
  title = {Arima - Wikipedia},
  howpublished = {\url{https://en.wikipedia.org/wiki/Autoregressive_integrated_moving_average}},
  note = {Accessed: 2019-09-27}
}

@misc{oracle,
  title = {Introduction to Forecasting with ARIMA in R - Oracle x Datascience},
  howpublished = {\url{https://www.datascience.com/blog/introduction-to-forecasting-with-arima-in-r-learn-data-science-tutorials}},
  note = {Accessed: 2019-09-27}
}

@misc{mlmasteries,
  title = {How to Create an ARIMA Model for Time Series Forecasting in Python},
  howpublished = {\url{https://machinelearningmastery.com/arima-for-time-series-forecasting-with-python/}},
  note = {Accessed: 2019-09-27}
}

